[gd_scene load_steps=3 format=2]

[ext_resource path="res://Assets/white_square.png" type="Texture" id=1]
[ext_resource path="res://Assets/decors/nuage.png" type="Texture" id=2]

[node name="ParallaxBackground" type="ParallaxBackground"]
scroll_base_scale = Vector2( 0.5, 0.5 )

[node name="Ciel" type="ParallaxLayer" parent="."]
motion_mirroring = Vector2( 1, 1 )

[node name="Sprite" type="Sprite" parent="Ciel"]
modulate = Color( 0.427451, 0.705882, 0.74902, 1 )
position = Vector2( 528, 302.779 )
scale = Vector2( 16.5, 9.46185 )
texture = ExtResource( 1 )

[node name="Nuages" type="ParallaxLayer" parent="."]
motion_mirroring = Vector2( 1, 1 )

[node name="Sprite" type="Sprite" parent="Nuages"]
position = Vector2( 160, 86.4307 )
scale = Vector2( 0.5, 0.507312 )
texture = ExtResource( 2 )

[node name="Sprite2" type="Sprite" parent="Nuages"]
position = Vector2( 640, 128 )
scale = Vector2( 0.361888, 0.385436 )
texture = ExtResource( 2 )

[node name="Sprite3" type="Sprite" parent="Nuages"]
position = Vector2( 384, 376 )
scale = Vector2( 0.572552, 0.707655 )
texture = ExtResource( 2 )

[node name="Sprite4" type="Sprite" parent="Nuages"]
position = Vector2( 928, 580.644 )
scale = Vector2( 0.34222, 0.434719 )
texture = ExtResource( 2 )
