[gd_resource type="TileSet" load_steps=17 format=2]

[ext_resource path="res://Assets/white_square.png" type="Texture" id=1]
[ext_resource path="res://Assets/cube_terre_2.png" type="Texture" id=2]
[ext_resource path="res://Assets/Ennemies/spikes.png" type="Texture" id=3]

[sub_resource type="NavigationPolygon" id=1]
vertices = PoolVector2Array( 0, 0, 64, 0, 64, 64, 0, 64 )
polygons = [ PoolIntArray( 0, 1, 2, 3 ) ]

[sub_resource type="OccluderPolygon2D" id=2]
polygon = PoolVector2Array( 0, 0, 64, 0, 64, 64, 0, 64 )

[sub_resource type="ConvexPolygonShape2D" id=3]
points = PoolVector2Array( 0, 0, 64, 0, 64, 64, 0, 64 )

[sub_resource type="ConvexPolygonShape2D" id=4]
points = PoolVector2Array( 0, 0, 64, 0, 64, 64, 0, 64 )

[sub_resource type="ConvexPolygonShape2D" id=5]
points = PoolVector2Array( 0, 0, 64, 0, 64, 64, 0, 64 )

[sub_resource type="ConvexPolygonShape2D" id=6]
points = PoolVector2Array( 0, 0, 64, 0, 64, 64, 0, 64 )

[sub_resource type="ConvexPolygonShape2D" id=7]
points = PoolVector2Array( 0, 0, 64, 0, 64, 64, 0, 64 )

[sub_resource type="ConvexPolygonShape2D" id=8]
points = PoolVector2Array( 0, 0, 64, 0, 64, 64, 0, 64 )

[sub_resource type="ConvexPolygonShape2D" id=9]
points = PoolVector2Array( 0, 0, 64, 0, 64, 64, 0, 64 )

[sub_resource type="ConvexPolygonShape2D" id=10]
points = PoolVector2Array( 0, 0, 64, 0, 64, 64, 0, 64 )

[sub_resource type="ConvexPolygonShape2D" id=11]
points = PoolVector2Array( 0, 0, 128, 0, 128, 64, 0, 64 )

[sub_resource type="ConvexPolygonShape2D" id=12]
points = PoolVector2Array( 0, 0, 64, 0, 64, 64, 0, 64 )

[sub_resource type="ConvexPolygonShape2D" id=13]
points = PoolVector2Array( 0, 0, 64, 0, 64, 64, 0, 64 )

[resource]
0/name = "white_square.png 0"
0/texture = ExtResource( 1 )
0/tex_offset = Vector2( 0, 0 )
0/modulate = Color( 1, 1, 1, 1 )
0/region = Rect2( 0, 0, 64, 64 )
0/tile_mode = 0
0/occluder_offset = Vector2( 0, 0 )
0/occluder = SubResource( 2 )
0/navigation_offset = Vector2( 0, 0 )
0/navigation = SubResource( 1 )
0/shapes = [ {
"autotile_coord": Vector2( 0, 0 ),
"one_way": false,
"one_way_margin": 1.0,
"shape": SubResource( 3 ),
"shape_transform": Transform2D( 1, 0, 0, 1, 0, 0 )
}, {
"autotile_coord": Vector2( 0, 0 ),
"one_way": false,
"one_way_margin": 1.0,
"shape": SubResource( 4 ),
"shape_transform": Transform2D( 1, 0, 0, 1, 0, 0 )
} ]
0/z_index = 0
8/name = "cube_terre_2.png 8"
8/texture = ExtResource( 2 )
8/tex_offset = Vector2( 0, 0 )
8/modulate = Color( 1, 1, 1, 1 )
8/region = Rect2( 0, 0, 64, 64 )
8/tile_mode = 0
8/occluder_offset = Vector2( 0, 0 )
8/navigation_offset = Vector2( 0, 0 )
8/shapes = [ {
"autotile_coord": Vector2( 0, 0 ),
"one_way": false,
"one_way_margin": 1.0,
"shape": SubResource( 12 ),
"shape_transform": Transform2D( 1, 0, 0, 1, 0, 0 )
} ]
8/z_index = 0
9/name = "cube_terre_2.png 9"
9/texture = ExtResource( 2 )
9/tex_offset = Vector2( 0, 0 )
9/modulate = Color( 1, 1, 1, 1 )
9/region = Rect2( 64, 0, 64, 64 )
9/tile_mode = 0
9/occluder_offset = Vector2( 0, 0 )
9/navigation_offset = Vector2( 0, 0 )
9/shapes = [ {
"autotile_coord": Vector2( 0, 0 ),
"one_way": false,
"one_way_margin": 1.0,
"shape": SubResource( 13 ),
"shape_transform": Transform2D( 1, 0, 0, 1, 0, 0 )
} ]
9/z_index = 0
10/name = "cube_terre_2.png 10"
10/texture = ExtResource( 2 )
10/tex_offset = Vector2( 0, 0 )
10/modulate = Color( 1, 1, 1, 1 )
10/region = Rect2( 128, 0, 64, 64 )
10/tile_mode = 0
10/occluder_offset = Vector2( 0, 0 )
10/navigation_offset = Vector2( 0, 0 )
10/shapes = [ {
"autotile_coord": Vector2( 0, 0 ),
"one_way": false,
"one_way_margin": 1.0,
"shape": SubResource( 5 ),
"shape_transform": Transform2D( 1, 0, 0, 1, 0, 0 )
} ]
10/z_index = 0
11/name = "cube_terre_2.png 11"
11/texture = ExtResource( 2 )
11/tex_offset = Vector2( 0, 0 )
11/modulate = Color( 1, 1, 1, 1 )
11/region = Rect2( 192, 0, 64, 64 )
11/tile_mode = 0
11/occluder_offset = Vector2( 0, 0 )
11/navigation_offset = Vector2( 0, 0 )
11/shapes = [ {
"autotile_coord": Vector2( 0, 0 ),
"one_way": false,
"one_way_margin": 1.0,
"shape": SubResource( 6 ),
"shape_transform": Transform2D( 1, 0, 0, 1, 0, 0 )
} ]
11/z_index = 0
12/name = "cube_terre_2.png 12"
12/texture = ExtResource( 2 )
12/tex_offset = Vector2( 0, 0 )
12/modulate = Color( 1, 1, 1, 1 )
12/region = Rect2( 0, 64, 64, 64 )
12/tile_mode = 0
12/occluder_offset = Vector2( 0, 0 )
12/navigation_offset = Vector2( 0, 0 )
12/shapes = [ {
"autotile_coord": Vector2( 0, 0 ),
"one_way": false,
"one_way_margin": 1.0,
"shape": SubResource( 7 ),
"shape_transform": Transform2D( 1, 0, 0, 1, 0, 0 )
} ]
12/z_index = 0
13/name = "cube_terre_2.png 13"
13/texture = ExtResource( 2 )
13/tex_offset = Vector2( 0, 0 )
13/modulate = Color( 1, 1, 1, 1 )
13/region = Rect2( 64, 64, 64, 64 )
13/tile_mode = 0
13/occluder_offset = Vector2( 0, 0 )
13/navigation_offset = Vector2( 0, 0 )
13/shapes = [ {
"autotile_coord": Vector2( 0, 0 ),
"one_way": false,
"one_way_margin": 1.0,
"shape": SubResource( 8 ),
"shape_transform": Transform2D( 1, 0, 0, 1, 0, 0 )
} ]
13/z_index = 0
14/name = "cube_terre_2.png 14"
14/texture = ExtResource( 2 )
14/tex_offset = Vector2( 0, 0 )
14/modulate = Color( 1, 1, 1, 1 )
14/region = Rect2( 128, 64, 64, 64 )
14/tile_mode = 0
14/occluder_offset = Vector2( 0, 0 )
14/navigation_offset = Vector2( 0, 0 )
14/shapes = [ {
"autotile_coord": Vector2( 0, 0 ),
"one_way": false,
"one_way_margin": 1.0,
"shape": SubResource( 9 ),
"shape_transform": Transform2D( 1, 0, 0, 1, 0, 0 )
} ]
14/z_index = 0
15/name = "cube_terre_2.png 15"
15/texture = ExtResource( 2 )
15/tex_offset = Vector2( 0, 0 )
15/modulate = Color( 1, 1, 1, 1 )
15/region = Rect2( 192, 64, 64, 64 )
15/tile_mode = 0
15/occluder_offset = Vector2( 0, 0 )
15/navigation_offset = Vector2( 0, 0 )
15/shapes = [ {
"autotile_coord": Vector2( 0, 0 ),
"one_way": false,
"one_way_margin": 1.0,
"shape": SubResource( 10 ),
"shape_transform": Transform2D( 1, 0, 0, 1, 0, 0 )
} ]
15/z_index = 0
16/name = "cube_terre_2.png 16"
16/texture = ExtResource( 2 )
16/tex_offset = Vector2( 0, 0 )
16/modulate = Color( 1, 1, 1, 1 )
16/region = Rect2( 64, 0, 128, 64 )
16/tile_mode = 0
16/occluder_offset = Vector2( 0, 0 )
16/navigation_offset = Vector2( 0, 0 )
16/shapes = [ {
"autotile_coord": Vector2( 0, 0 ),
"one_way": false,
"one_way_margin": 1.0,
"shape": SubResource( 11 ),
"shape_transform": Transform2D( 1, 0, 0, 1, 0, 0 )
} ]
16/z_index = 0
17/name = "spikes.png 17"
17/texture = ExtResource( 3 )
17/tex_offset = Vector2( 0, 0 )
17/modulate = Color( 1, 1, 1, 1 )
17/region = Rect2( 0, 0, 64, 64 )
17/tile_mode = 0
17/occluder_offset = Vector2( 0, 0 )
17/navigation_offset = Vector2( 0, 0 )
17/shapes = [  ]
17/z_index = 0
